% Encoding: UTF-8

@Article{Ahn2011,
  author        = {Ahn, Yong-Yeol and Ahnert, Sebastian E. and Bagrow, James P. and Barabási, Albert-László},
  title         = {Flavor network and the principles of food pairing},
  journal       = {Scientific Reports},
  year          = {2011},
  volume        = {1},
  pages         = {196},
  month         = dec,
  __markedentry = {[benny:6]},
  publisher     = {The Author(s)},
  url           = {http://dx.doi.org/10.1038/srep00196},
}

@Comment{jabref-meta: databaseType:bibtex;}
